/mnt/bigHDD/Dropbox/Aplicativos/Overleaf/CV/publication.bib